@online{MIT,
  author = "Eric Lehman and F Thomson Leighton and Albert R. Meyer",
  title = "Mathematics for Computer Science",
  url  = "https://ccsf-math-115.github.io/textbook/mcs_2018_cropped.pdf",
  addendum = "Creative Commons Attribution-ShareAlike 3.0 license."
}

@online{Bazett,
    author = "Trefor Bazett",
    title = "Title of Video", % Replace this with the video you are referencing.
    url = "https://www.youtube.com/watch?v=rdXw7Ps9vxc&list=PLHXZ9OQGMqxersk8fUxiUMSIx0DBqsKZS", % Replace this URL with the url to the video you are referencing.
    addendum = "accessed: 06.15.2020" % Replace this date with the date you accessed the video.
}
