@online{MIT,
  author = "Eric Lehman and F Thomson Leighton and Albert R. Meyer",
  title = "Mathematics for Computer Science",
  url  = "https://shawnwiggins.github.io/discrete_mathematics/mcs_2018_cropped.pdf",
  addendum = "Creative Commons Attribution-ShareAlike 3.0 license."
}
